@article{ursell,
author = "Ursell, L. K. and Metcalf, J. L. and Parfrey, L. W. and Knight, R. ",
title = "Defining the Human Microbiome",
journal = "Nutirition Reviews",
volume = "70",
number = "Suppl 1",
pages = "S38-S44",
year = "2012",
DOI = "http://doi.org/10.1111/j.1753-4887.2012.00493.x",
}

@misc{microbiome101,
author={Enviromedica},
title={Microbiome 101: Understanding Gut Microbiota},
year={2012},
address={http://www.prescript-assist.com/intestinal-health/gut-microbiome/},
type={website},
howpublished={http://www.prescript-assist.com/intestinal-health/gut-microbiome/},
note={Online, accessed 21 July 2017},
}

@article{bull,
author = "Bull, M. J. and Plummer, N. T.",
title = "Part 1: The Human Gut Microbiome in Health and Disease",
journal = "Integrative Medicine: A Clinician’s Journal",
volume = "13",
number = "6",
pages = "17-22",
year = "2014",
DOI = " ",
}

@book{surrogate1,
author = " Alonso, A. and Bigirumurame, T. and Burzykowski, T. and Buyse, M. and  Molenberghs, G. and Muchene, L. and Perualila, N. J. and  Shkedy, Z. and Van der Elst, W.",
title = "Applied Surrogate Endpoint Evaluation Methods with SAS and R",
year = "2017",
publisher = "CRC Press",
address = " Florida",
}

@book{surrogate2,
author="Burzykowski, T. and Molenberghs, G. and Buyse, M.",
title="The evaluation of surrogate endpoints",
publisher="Springer",
address="New York, NY",
year="2005",
language="English",
}

@article{surrogate3,
author={Van der Elst,W. and Molenberghs,G. and Alonso, A. A.},
year={2016},
title={Exploring the relationship between the causal-inference and meta-analytic paradigms for the evaluation of surrogate endpoints},
journal ={STATISTICS IN MEDICINE},
volume={35},
number={8},
pages = {1281-1298},
language={English},
}

@article{surrogate4,

author={Alonso,A. and Van der Elst,W. and Molenberghs,G. and Buyse,M. and Burzykowski,T.},

year={2015},

title={On the relationship between the causal‐inference and meta‐analytic paradigms for the validation of surrogate endpoints},

journal={Biometrics},

volume={71},

number={1},

pages={15-24},

keywords={Meta‐analytic approach; Surrogate endpoints; Causal‐inference; Biometry - methods; Outcome Assessment (Health Care) - methods; Pharmaceuticals; Biometrics; Clinical trials; Meta-analysis},

language={English;French;},

}

@article{needell,

author={Needell,JC and Dinarello,CA and Ir,D. and Robertson,CE and Ryan,SM and Kroehl,ME and Frank,DN and Zipris,D.},

year={2017},

title={Implication of the intestinal microbiome as a potential surrogate marker of immune responsiveness to experimental therapies in autoimmune diabetes},

journal={PLOS ONE},

volume={12},

number={3},

pages={1932-6203},

language={English},

}

@article{Vrieze,
author={Vrieze, A. and Van Nood, E. and Holleman, F. and Salojärvi, J. and Kootte, R. S. and Bartelsman, J. F. and Dallinga-Thie, G. M. and Ackermans, M. T. and Serlie, M. J. and Oozeer, R. and Derrien, M. and Druesne, A. and Van Hylckama Vlieg, J. E. and Bloks, V. W. and Groen, A. K. and Heilig, H. G. and Zoetendal, E. G. and Stroes, E. S. and de Vos, W .M. and Hoekstra, J. B. and Nieuwdorp, M},

year={2012},

title={Transfer of intestinal microbiota from lean donors increases insulin sensitivity in individuals with metabolic syndrome},

journal={Gastroenterology},

volume={43},

number={4},

pages={913-916},

language={English},
DOI={10.1053/j.gastro.2012.06.031},

}

@article{buyseM,

author={Buyse, M. and Molenberghs, G. and Paoletti, X. and Oba, K. and Alonso, A. A. and Van der Elst, W. and Burzykowski, T.},

year={2016},

title={Statistical evaluation of surrogate endpoints with examples from cancer clinical trials},

keywords={Surrogate endpoint; Trial level association; Surrogate threshold effect; Individual level association},

journal={Biometrical Journal},

volume={58},

number={1},

pages={104-132},

isbn={0323-3847},

language={English},

}

@article{buyseM2,
author={Buyse, M. and Michiels, S. and Squifflet, P. and Lucchesi, K. J. and Hellstrand, K. and Brune, M. L. and Rowe, J. M.}, 
year={2011},
title={ Leukemia-free survival as a surrogate end point for overall survival in the evaluation of maintenance therapy for patients with acute myeloid leukemia in complete remission},
journal={Haematologica},
volume={96},
number={8},
pages={1106–1112},
DOI={http://doi.org/10.3324/haematol.2010.039131},
}

@article{CAST,
author={Cardiac Arrhythmia Suppression Trial Investigators},
title={Preliminary Report: effect of encainide and
flecainide on mortality in a randomized trial of arrhythmia suppression after myocardial infraction},
year={1989},
journal={New England Journal of Medicine 321},
volume={321},
pages={406–412},
}

@article{fleming1,
author={Fleming, T. R.},
title={Surrogate markers in AIDS and cancer trials},
journal={Statistics in Medicine},
year={1994},
volume={13},
pages={1423–1435},
}

@article{fleming2,
author={Fleming, T. R. and DeMets, D. L.},
title={Surrogate end points in clinical trials: are we being misled?},
journal={Annals of Internal Medicine},
year={1996},
volume={125},
pages={605–613},
}

@article{fleming3,
author={Fleming, T. R. and Powers, J. H.},
title={Biomarkers and Surrogate Endpoints In Clinical Trials},
journal={Statistics in Medicine},
year={2012},
volume={31},
number={25},
pages={2973–2984},
DOI={http://doi.org/10.1002/sim.5403},
}

@article{buyseM3,
author={Buyse, M. and Burzykowski, T. and Carroll, K. and Michiels, S. and Sargent, D. J. and Miller, L. L.},
title={Progression-Free Survival Is a Surrogate for Survival in Advanced Colorectal Cancer},
journal={Journal of Clinical Oncology},
volume={25},
number={33},
year={2007},
pages={5218-5224},
}

@article{buyseM4,
author={Buyse, M. and Molenberghs, G.},
title={Criteria for the validation of surrogate endpoints in randomized experiments},
journal={Biometrics},
year={1998},
volume={54},
pages={1014-1029},

}

@article{Degruttola,
author={DeGruttola, V. and Fleming, T. R. and Lin, D. Y. and Coombs, R.},
title={Validating surrogate markers—are we being
naive?},
journal={Journal of Infectious Diseases},
year={1997},
volume={175},
pages={237–246},
}

@article{lagakos,
author={Lagakos, S. W. and Hoth, D. F.},
title={Surrogate markers in AIDS: where are we? Where are we going?},
journal={Annals of Internal Medicine },
year={1992},
volume={116},
pages={599–601},
}

@article{Degruttola2,
author={DeGruttola, V. and Tu, X. M.},
title={Modelling progression of CD-4 lymphocyte count and its relationship to survival time},
year={1994},
journal={Biometrics},
volume={50},
pages={1003–1014},
}


@phdthesis{wim2016,
    title    = {Statistical Evaluation Methodology for Surrogate Endpoints in Clinical Studies},
    school   = {Universiteit Hasselt},
    author   = {Van der Elst, Wim},
    year     = {2016},
}


@article{turnbaugh,

author={Mahowald, M. A. and Magrini, V. and Turnbaugh, P. J. and Gordon, J. I. and Ley, R. E. and Mardis, E. R.},

year={2006},

title={An obesity-associated gut microbiome with increased capacity for energy harvest},

journal={Nature},

volume={444},

number={7122},

pages={1027-131},

isbn={0028-0836},

language={English},

}

@article{backhed,
author={Dumas, M. and Barton, R. H. and Toye, A. and Cloarec, O. and Blancher, C. and Rothwell, A. and Fearnside, J. and Tatoud, R. and Blanc, V. and Lindon, J. C. and Mitchell, S. C. and Holmes, E. and McCarthy, M. I. and Scott, J. and Gauguier, D. and Nicholson, J. K.},

year={2006},

title={Metabolic Profiling Reveals a Contribution of Gut Microbiota to Fatty Liver Phenotype in Insulin-Resistant Mice},

journal={Proceedings of the National Academy of Sciences of the United States of America},

volume={103},

number={33},

pages={12511-12516},

isbn={0027-8424},

language={English},

}

@article{prentice1989,
author={Prentice, R. L.},
title={Surrogate endpoints in clinical trials: definitions and operational criteria.},
year={1989},
journal={Statistics in Medicine},
volume={8},
pages={431–440},
}

@article{freedman,
title={Statistical validation of intermediate endpoints for chronic diseases},
author={Freedman, L. S. and Graubard, B. I. and Schatzkin, A.},
year={1992},
journal={Statistics in Medicine},
volume={11},
pages={167-178},
}

@article{molenberghs2002,
author={Molenberghs, G. and Buyse, M. and Geys, H. and Burzykowski, T.},
title={Statistical challenges in the
evaluation of surrogate endpoints in randomized trials},
journal={Controlled Clinical Trials},
year={2002},
volume={23},
pages={607-625},
}

@article{volding1990,
author={Volberding, P. A. and Lagakos, S. W. and Koch, M. A. and Pettinelli, C. and Myers, M. W. and Booth, D. K. and Balfour Jr, H. H. and Reichman, R. C. and Bartlett, J. A. and Hirsch, M. S. and Murphy, R. L. and Hardy, W. D. and Soeiro, R. and Fischl, M. A. and
Bartlett, J. G. and Merigan, T. C. and Hyslop, N. E. and Richman, D. D. and Valentine, F. T. and Corey, L. and the AIDS Clinical Trials Group of the National Institute of Allergy \& Infectious Diseases},
title={Zidovudine in
asymptomatic human immunodeficiency virus infection: a controlled trial in persons with fewer than 500
CD4-positive cells per cubic millimeter},
journal={ New England Journal of Medicine},
year={1990},
volume={322},
pages={941-949},
}


@article{molenberghs2013,
author={Molenberghs, G. and Abad, A. A. and Van der Elst, W. and Burzykowski, T. and Buyse, M.},
title={Surrogate Endpoints: when should they be used?},
journal={Clinical Investigation},
year={2013},
volume={3},
pages={1147-1155},
}


@article{multivariatesurrogates,
author={Van der Elst, W. and Abad, A. A. and Geys, H. Meyvisch, P. and Bijnens, L. and Molenberghs, G.},
title={Univariate versus Multivariate Surrogate Endpoints},
journal={Submitted for consideration for publication in Biometrics},
year={2017},
}

@article{nolen2016,

author={Perualila-Tan,N. and Kasim, A. and Talloen, W. and Verbist, B. and Ghoelmann, H. and Consortium, QSTAR and Shkedy,Z. and Khamiakova,T. and Otava,M.},

year={2016},

title={A joint modeling approach for uncovering associations between gene expression, bioactivity and chemical structure in early drug discovery to guide lead selection and genomic biomarker development},

journal={Statistical Applications in Genetics and Molecular Biology},

volume={15},

number={4},

isbn={2194-6302},

pages={291-304},

language={English},

}



@article{humangenomeproject,

author={Ley,R. E. and Gordon,J. I. and Fraser-Liggett,C. M. and Knight,R. and Hamady,M. and Turnbaugh,P. J.},

year={2007},

title={The Human Microbiome Project},

journal={Nature},

volume={449},

number={7164},

pages={804-810},

isbn={0028-0836},

language={English},

}


@article{healthymicrobiome,

author={Bäckhed, F. and Fraser, C. M. and Ringel, Y. and Sanders, M. E. and Sartor, R. B. and Sherman, P. M. and Versalovic, J. and Young, V. and Finlay, B. B.},

year={2012},

title={Defining a healthy human gut microbiome: current concepts, future directions, and clinical applications},

journal={Cell host \& microbe},

volume={12},

number={5},

pages={611-622},

keywords={Gastrointestinal Tract - microbiology; Intestinal Diseases - microbiology; Medical colleges},

isbn={1931-3128},

language={English},

}

@Manual{R,
    title = {R: A Language and Environment for Statistical Computing},
    author = {{R Development Core Team}},
    organization = {R Foundation for Statistical Computing},
    address = {Vienna, Austria},
    year = {2008},
    url = {http://www.R-project.org},
  }

@Manual{R2,
    title = {Surrogate: Evaluation of Surrogate Endpoints in Clinical Trials},
    author = {Wim {Van der Elst} and Paul Meyvisch and Ariel Alonso and Hannah M. Ensor and Christopher J. Weir and Geert Molenberghs},
    year = {2017},
    note = {R package version 0.2},
    url = {https://CRAN.R-project.org/package=Surrogate},
  }

@Manual{R3,
    title = {{nlme}: Linear and Nonlinear Mixed Effects Models},
    author = {Jose Pinheiro and Douglas Bates and Saikat DebRoy and Deepayan Sarkar and {R Core Team}},
    year = {2017},
    note = {R package version 3.1-131},
    url = {https://CRAN.R-project.org/package=nlme},
  }
  
@Manual{R4,
    title = {exactRankTests: Exact Distributions for Rank and Permutation Tests},
    author = {Torsten Hothorn and Kurt Hornik},
    year = {2017},
    note = {R package version 0.8-29},
    url = {https://CRAN.R-project.org/package=exactRankTests},
  }
  
@Book{R5,
    title = {Multiple Testing Procedures: R multtest Package and Applications to Genomics, in Bioinformatics and Computational Biology Solutions Using R and Bioconductor},
    year = {2005},
    author = {Katherine S. Pollard and Sandrine Dudoit and Mark J. {van der Laan}},
    publisher = {Springer},
  }

@article{causal1,

author={Rubin,Donald B.},

title={Estimating Causal Effects of Treatments in Randomized and Nonrandomized Studies},


journal={Journal of Educational Psychology},

volume={66},

year={1974},

pages={688-701},

language={English},
}


@book{DNAmicroarray,

author={Amaratunga,Dhammika and Cabrera,Javier and Shkedy,Ziv},

year={2014},

title={Exploration and analysis of DNA microarray and other high-dimensional data},

publisher={Wiley-Interscience},

address={Hoboken, N.J},

volume={2014: 10},

edition={2;Second;2;2nd;},

keywords={zebra; Wiskundige statistiek; Biology, life sciences; Protein microarrays; Statistical methods},

isbn={1118356330;9781118356333;1118364503;9781118364505;},

language={English},

}

@book{martinibarth,

author={Martini,F. H. and Bartholomew,E. F.},

year={2013},

title={Essentials of anatomy and physiology},

publisher={Pearson},

address={Essex},

edition={6},

language={English},
}

@misc{gut,
author={Henderson, R.},
title={The Gut},
year={2017},
address={https://patient.info/health/the-gut},
type={website},
howpublished={https://patient.info/health/the-gut},
note={Online, accessed 22 July 2017},
}

@article{microbiota1,

author={Jandhyala,Sai M. and Talukdar,Rupjyoti and Subramanyam,Chivkula and Vuyyuru,Harish and Sasikala,Mitnala and Nageshwar Reddy,D.},

year={2015},

title={role of the normal gut microbiota},

journal={Role of the normal gut microbiota},

volume={21},

number={29},

pages={8787-8803},

keywords={Metabolic; Bioinformatics; Health; Normal; gut; Immunomodulation; microbiota; function},

language={English},

}

@article{microbiota2,

author={Chatelier,Le, E and Nielsen,T. and Qin,J. and Prifti,E. and Hildebrand,F. and Falony,G. and Almeida,M. and Arumugam,M. and Batto,J. M. and Kennedy,S. and Leonard,P. and Li,J. and Burgdorf,K. and Grarup,N. and Jorgensen,T. and Branslund,I. and Nielsen,H. B. and Juncker,A. S. and Bertalan,M. and Levenez,F. and Pons,N. and Rasmussen,S. and Sunagawa,S. and Tap,J. and Tims,S. and Zoetendal,E. G. and Brunak,S. and Clement,K. and Dore,J. and Kleerebezem,M. and Kristiansen,K. and Renault,P. and Sicheritz-Ponten,T. and Vos,de, W.M and Zucker,J. D. and Raes,J. and Hansen,T. and Bork,P. and Wang,J. and Ehrlich,S. D. and Pederson,O. and Guedon,E. and Delorme,C. and Layec,S. and Khaci,G. and Guchte,van d., M and Vandemeulebrouck,G. and Jamet,A. and Dervyn,R. and Sanchez,N. and Maguin,E. and Haimet,F. and Winogradski,Y. and Cultrone,A. and Leclerc,M. and Juste,C. and Blottière,H. and Pelletier,E. and LePaslier,D. and Artiguenave,F. and Bruls,T. and Weissenbach,J. and Turner,K. and Parkhill,J. and Antolin,M. and Manichanh,C. and Casellas,F. and Boruel,N. and Varela,E. and Torrejon,A. and Guarner,F. and Denariaz,G. and Derrien,M. and Hylckama Vlieg,van, J.E.T and Veiga,P. and Oozeer,R. and Knol,J. and Rescigno,M. and Brechot,C. and M'Rini,C. and Mérieux,A. and Yamada,T. and MetaHIT consortium},

year={2013},

title={Richness of human gut microbiome correlates with metabolic markers},

journal={Nature},

volume={500},

number={7464},

pages={541-546},

isbn={0028-0836},

language={English},

}


@article{microbiota3,

author={Dao,Maria C. and Everard,Amandine and Aron-Wisnewsky,Judith and Sokolovska,Nataliya and Prifti,Edi and Verger,Eric O. and Kayser,Brandon D. and Levenez,Florence and Chilloux,Julien and Hoyles,Lesley and Dumas,Marc-Emmanuel and Rizkalla,Salwa W. and Doré,Joel and Cani,Patrice D. and Clément,Karine and MICRO-Obes Consortium},

year={2016},

title={Akkermansia muciniphila and improved metabolic health during a dietary intervention in obesity: relationship with gut microbiome richness and ecology},

journal={Gut},

volume={65},

number={3},

pages={426},

isbn={0017-5749},

language={English},

}


@misc{gut2,
author={Medicine Plus},
title={Metabolic Disorders},
year={2017},
address={https://medlineplus.gov/metabolicdisorders.html},
type={website},
howpublished={https://medlineplus.gov/metabolicdisorders.html},
note={Online, accessed 22 July 2017},
}











